<record><leader>00000cas a22000007a 4500</leader><controlfield tag="001">17820688</controlfield><controlfield tag="008">880420d19461954lauwr ne      0    0eng d</controlfield><datafield ind1=" " ind2=" " tag="010"><subfield code="a">sn 88064335 </subfield></datafield><datafield ind1=" " ind2=" " tag="040"><subfield code="a">LNP</subfield><subfield code="b">eng</subfield><subfield code="c">LNP</subfield><subfield code="d">NSD</subfield><subfield code="d">LNP</subfield><subfield code="d">OCLCQ</subfield><subfield code="d">OCLCF</subfield><subfield code="d">OCLCO</subfield></datafield><datafield ind1="1" ind2=" " tag="029"><subfield code="a">AU@</subfield><subfield code="b">000020502720</subfield></datafield><datafield ind1=" " ind2=" " tag="042"><subfield code="a">msc</subfield></datafield><datafield ind1=" " ind2=" " tag="043"><subfield code="a">n-us-la</subfield></datafield><datafield ind1="0" ind2="4" tag="245"><subfield code="a">The weekly Acadian.</subfield></datafield><datafield ind1=" " ind2=" " tag="260"><subfield code="a">Crowley, La. :</subfield><subfield code="b">Alden Sonnier</subfield></datafield><datafield ind1=" " ind2=" " tag="300"><subfield code="a">v.</subfield></datafield><datafield ind1=" " ind2=" " tag="310"><subfield code="a">Weekly</subfield></datafield><datafield ind1="0" ind2=" " tag="362"><subfield code="a">Vol. 60, no. 20 (May 9, 1946)-v. 68, no. 19 (June 10, 1954).</subfield></datafield><datafield ind1=" " ind2=" " tag="500"><subfield code="a">Published in Rayne, March 13, 1952-June 10, 1954.</subfield></datafield><datafield ind1=" " ind2=" " tag="580"><subfield code="a">Merged with: Rayne tribune, to form: Rayne Acadian-tribune.</subfield></datafield><datafield ind1=" " ind2="0" tag="651"><subfield code="a">Crowley (La.)</subfield><subfield code="v">Newspapers.</subfield></datafield><datafield ind1=" " ind2="0" tag="651"><subfield code="a">Rayne (La.)</subfield><subfield code="v">Newspapers.</subfield></datafield><datafield ind1=" " ind2="7" tag="655"><subfield code="a">Newspapers.</subfield><subfield code="2">fast</subfield><subfield code="0">(OCoLC)fst01423814</subfield></datafield><datafield ind1=" " ind2="7" tag="651"><subfield code="a">Louisiana</subfield><subfield code="z">Crowley.</subfield><subfield code="2">fast</subfield><subfield code="0">(OCoLC)fst01217932</subfield></datafield><datafield ind1=" " ind2="7" tag="651"><subfield code="a">Louisiana</subfield><subfield code="z">Rayne.</subfield><subfield code="2">fast</subfield><subfield code="0">(OCoLC)fst01229384</subfield></datafield><datafield ind1=" " ind2=" " tag="752"><subfield code="a">United States</subfield><subfield code="b">Louisiana</subfield><subfield code="c">Acadia</subfield><subfield code="d">Crowley.</subfield></datafield><datafield ind1=" " ind2=" " tag="752"><subfield code="a">United States</subfield><subfield code="b">Louisiana</subfield><subfield code="c">Acadia</subfield><subfield code="d">Rayne.</subfield></datafield><datafield ind1="0" ind2="0" tag="780"><subfield code="t">Acadian-signal</subfield><subfield code="w">(DLC)sn 88064334</subfield></datafield><datafield ind1="1" ind2="7" tag="785"><subfield code="t">Rayne tribune</subfield><subfield code="w">(DLC)sn 88064163</subfield></datafield><datafield ind1="1" ind2="7" tag="785"><subfield code="t">Rayne Acadian-tribune</subfield><subfield code="x">1069-2398</subfield><subfield code="w">(DLC)sn 88064164</subfield><subfield code="w">(OCoLC)17502163</subfield></datafield></record>